<?xml version="1.0" encoding="UTF-8"?><collection><record><leader>07501ntm a2200565 a 4500</leader><controlfield tag="001">102137754</controlfield><controlfield tag="003">MiAaHDL</controlfield><controlfield tag="005">20190719000000.0</controlfield><controlfield tag="006">m        d        </controlfield><controlfield tag="007">cr bn ---auaua</controlfield><controlfield tag="008">140320s17uu    xx            00| ||per d</controlfield><datafield tag="035" ind1=" " ind2=" "><subfield code="a">(MiU)012767564</subfield></datafield><datafield tag="035" ind1=" " ind2=" "><subfield code="a">sdr-miu012767564</subfield></datafield><datafield tag="040" ind1=" " ind2=" "><subfield code="a">MiU</subfield><subfield code="c">MiU</subfield><subfield code="e">amremm</subfield></datafield><datafield tag="043" ind1=" " ind2=" "><subfield code="a">n-us-mi</subfield></datafield><datafield tag="100" ind1="1" ind2=" "><subfield code="6">880-01</subfield><subfield code="a">Maḥmūd ibn Muḥammad ʻAbd Allāh ibn ʻUbayd Allāh ibn Maḥmūd Nūr Allāh,</subfield><subfield code="d">active 15th century.</subfield></datafield><datafield tag="245" ind1="1" ind2="0"><subfield code="6">880-03</subfield><subfield code="a">Hāẕā Kitāb-i Tuḥfah-ʼi khānī fī al-ṭibb,</subfield><subfield code="f">[18th century?].</subfield></datafield><datafield tag="246" ind1="3" ind2=" "><subfield code="a">طب خانی</subfield></datafield><datafield tag="246" ind1="3" ind2=" "><subfield code="i">Title from Fihrist-i nusakh-i khaṭṭī-i Kitābkhānah-i Millī (Iran):</subfield><subfield code="a">تحفه خانی</subfield></datafield><datafield tag="246" ind1="3" ind2=" "><subfield code="i">Title from close of opening chapter on fol.89b:</subfield><subfield code="a">تحفۀ خاني</subfield></datafield><datafield tag="246" ind1="3" ind2=" "><subfield code="i">Title from contents listing on opening (fol.1a):</subfield><subfield code="a">كتاب تحفۀ خاني</subfield></datafield><datafield tag="246" ind1="3" ind2=" "><subfield code="a">هذا كتاب تحفه خاني في الطب</subfield></datafield><datafield tag="260" ind1=" " ind2=" "><subfield code="c">[17--?]</subfield></datafield><datafield tag="300" ind1=" " ind2=" "><subfield code="a">326 leaves :</subfield><subfield code="b">paper ;</subfield><subfield code="c">245 x 150 (166 x 77) mm bound to 245 x 153 mm.</subfield></datafield><datafield tag="500" ind1=" " ind2=" "><subfield code="a">Origin: Lacks dated colophon ; paper, decoration, hand, etc. would suggest 18th century.</subfield></datafield><datafield tag="500" ind1=" " ind2=" "><subfield code="a">Former shelfmark: "42" in pencil on front flyleaf.</subfield></datafield><datafield tag="500" ind1=" " ind2=" "><subfield code="a">Shelfmark: Ann Arbor, University of Michigan, Special Collections Library, Isl. Ms. 1057</subfield></datafield><datafield tag="500" ind1=" " ind2=" "><subfield code="a">Binding: Pasteboards covered in light brown leather ; Type II binding (with flap), two-piece binding (seam of overlapping flanges visible on spine) ; present pastedowns and flyleaves (as well as lining of envelope flap) in marbled paper (blue, lavender, yellow and pink) ; upper and lower cover carry gold-stamped mandorla (gold applied to orange onlays, scalloped and filled with floral composition), as well as gold-painted border of rules, rosettes and accent strokes (frame lightly stamped with geometric design) ; design continues on flap ; sewn in white thread, two stations ; worked chevron endbands in purple and white, primaries / tie downs also in white, quite good condition ; overall in good condition with minor abrasion, losses of gold, etc.</subfield></datafield><datafield tag="500" ind1=" " ind2=" "><subfield code="a">Support: non-European (likely Persianate) laid paper with 7 laid lines per cm. (vertical, some curving and sagging) and faint traces of chain lines only occasionally visible ; somewhat cloudy formation with inclusions and clumps of fiber visible ; well-burnished to glossy and likely surface sized, thin and crisp though sturdy, medium beige in color ; slip of lavender wove paper interleaved between fol.1-2, presumably to protect illuminated headpiece.</subfield></datafield><datafield tag="500" ind1=" " ind2=" "><subfield code="a">Decoration: Added illuminated titlepiece in gold and blue on fol.1a ; elegant and finely executed illuminated headpiece at opening on fol.1b consisting of w-shaped piece filled with swirling vegetal designs in gold outlined in orange on a blue ground set off by delicate floral accents in blue, white, pink, lavender, red and orange, all surmounted by vertical stalks (tīgh) in blue and set in a well of gold and black interlace flanked by orange and white bands with contrasting red and blue crosses ; written area gold-flecked and surrounded by frame consisting of a gold band outlined in black fillets ; keywords and headings rubricated.</subfield></datafield><datafield tag="500" ind1=" " ind2=" "><subfield code="a">Script: Nastaʻlīq ; chiefly an elegant Persianate hand in a thin line ; small, characteristically serifless with gentle effect of words descending to baseline ; elongation and slight contrasting thickness of horizontal strokes ; elegant shaqq / sar-kash (gently curving upward) on even final kāf ; pointing in distinct dots, though somewhat casual with occasional dots omitted ; point of final and free-standing nūn set down at center of somewhat narrow, angled bowl ; ʻalāmat ihmāl of three dots regularly appears under sīn.</subfield></datafield><datafield tag="500" ind1=" " ind2=" "><subfield code="a">Layout: Written mainly in 19 lines per page (single column) ; frame-ruled.</subfield></datafield><datafield tag="500" ind1=" " ind2=" "><subfield code="a">Collation: ii, 11 IV(88), 3 III(106), 3 IV(130), III (136), 3 IV(160), III (166), 4 IV(198), III (204), 2 IV(220), III+1 (227), III (233), IV (241), I (243), 2 III(255), III+1 (262), 6 III(298), IV (306), 3 III(324), I (326), ii ; chiefly quaternions and ternions ; catchwords present ; foliation in black ink, Hindu-Arabic numerals ; pagination in pencil, Western numerals, supplied during cataloguing.</subfield></datafield><datafield tag="500" ind1=" " ind2=" "><subfield code="a">Dedication: As appears in opening matter on fol.3b, composed for Sulṭān Saʻīd Bahādur Khān (سلطان سعيد بهادر خان).</subfield></datafield><datafield tag="500" ind1=" " ind2=" "><subfield code="a">Incipit: "فهرست قسم علمى از كتاب تحفه خانى مصنف حضرت ايشان سلمه الله و ابقاه [ابغاه] برءوس [رؤوس] العالمين الى يوم الدين باب اول در بيان قسم علمى كتاب و اين باب مشتمل بر نود و سه مقاله است ... الحمد لله الذى خلق الانسان فى احسن تقويم و هو يحيى العظام و هى رميم و الصلوة والسلام على حبيبه ونبيه شفى آلام الضلاله و اسقام الجهالة و على اله و اصحابه هم الهادين الى طريق الحق و سبيل الداله اما بعد عرض مدارد راقم اين سواد حقير قليل البضاعه محمود بن محمد عبد الله بن محمود نور الله انار الله مضاجعه كه جون در اوان شباب بواسطه كثرت طريان بعضى امراض مراين ضعيف را ..."</subfield></datafield><datafield tag="500" ind1=" " ind2=" "><subfield code="a">Title from illuminated titlepiece (chrysographed inscription set off by blue and gold cloudbands) on fol.1a (‘title page’).</subfield></datafield><datafield tag="500" ind1=" " ind2=" "><subfield code="a">Ms. codex.</subfield></datafield><datafield tag="510" ind1="3" ind2=" "><subfield code="a">Muḥammad ibn Muḥammad ʻAbd Allāh ibn ʻUbayd Allāh. Tuhfah-e-Khani [ = تحفۀ خانى]. Madras: Government Oriental Manuscripts Library, 1959.</subfield></datafield><datafield tag="510" ind1="4" ind2=" "><subfield code="a">Islamic Manuscripts, Catalogue 1424, Bernard Quaritch Ltd (London: Bernard Quaritch Ltd, 2013),</subfield><subfield code="c">no.15</subfield></datafield><datafield tag="510" ind1="4" ind2=" "><subfield code="a">Kitābkhānah-i Millī no.2876, Fihrist-i nusakh-i khaṭṭī-i Kitābkhānah-i Millī,</subfield><subfield code="c">v.6, pp.553-4</subfield></datafield><datafield tag="520" ind1=" " ind2=" "><subfield code="a">Elegant copy of a Persian medical treatise by Maḥmūd ibn ʻAbd Allāh ibn ʻUbayd Allāh ibn Maḥmūd Nūr Allāh (fl. 15th century), followed by an appendix (ẕayl, cf. fol.283 to close). Compare Kitābkhānah-i Millī no.2876, Fihrist-i nusakh-i khaṭṭī-i Kitābkhānah-i Millī (Iran), v.6, pp.553-4.</subfield></datafield><datafield tag="538" ind1=" " ind2=" "><subfield code="a">Mode of access: Internet.</subfield></datafield><datafield tag="541" ind1=" " ind2=" "><subfield code="c">Purchase ;</subfield><subfield code="a">Quaritch ;</subfield><subfield code="d">Received: 2013/10/15</subfield></datafield><datafield tag="546" ind1=" " ind2=" "><subfield code="a">Persian.</subfield></datafield><datafield tag="561" ind1=" " ind2=" "><subfield code="a">On verso of front flyleaf, inscribed by the Library "SPEC. ISLM | 500562164, QUARITCH | SPAUL-2014 | 10-15-13" ; on second front flyleaf, apparent birth statement dated 1 Rabīʻ I 1284 [ca. 3 July 1867] reads "ولادة نور العين مير برهان الدين اول روز يوم جهار شنبه غرۀ ماه ربيع الاول سنه ١٢٨۴" ; several effaced seal impressions on 'title page' (fol.1a) ; occasional glosses and marginal corrections.</subfield></datafield><datafield tag="650" ind1=" " ind2="0"><subfield code="a">Manuscripts, Persian</subfield><subfield code="z">Michigan</subfield><subfield code="z">Ann Arbor.</subfield></datafield><datafield tag="650" ind1=" " ind2="0"><subfield code="a">Materia medica</subfield><subfield code="v">Early works to 1800.</subfield></datafield><datafield tag="650" ind1=" " ind2="0"><subfield code="a">Pharmacopoeias</subfield><subfield code="v">Early works to 1800.</subfield></datafield><datafield tag="650" ind1=" " ind2="0"><subfield code="a">Traditional medicine</subfield><subfield code="v">Formulae, receipts, prescriptions.</subfield></datafield><datafield tag="650" ind1=" " ind2="0"><subfield code="a">Medicine, Persian</subfield><subfield code="v">Early works to 1800.</subfield></datafield><datafield tag="655" ind1=" " ind2="7"><subfield code="a">Headpieces (layout features)</subfield><subfield code="y">18th century.</subfield><subfield code="2">aat</subfield></datafield><datafield tag="880" ind1="1" ind2="0"><subfield code="6">245-03/</subfield><subfield code="a">هذا کتاب تحفۀ خاني في الطب،</subfield><subfield code="f">[قرن 18م؟].</subfield></datafield><datafield tag="880" ind1="1" ind2=" "><subfield code="6">100-01/</subfield><subfield code="a">محمود بن محمد عبد الله بن عبيد الله بن محمود نور الله.</subfield></datafield><datafield tag="CID" ind1=" " ind2=" "><subfield code="a">102137754</subfield></datafield><datafield tag="DAT" ind1="0" ind2=" "><subfield code="a">20190719102642.0</subfield><subfield code="b">20190719000000.0</subfield></datafield><datafield tag="DAT" ind1="1" ind2=" "><subfield code="a">20190719090653.0</subfield><subfield code="b">2019-07-19T16:10:24Z</subfield></datafield><datafield tag="DAT" ind1="2" ind2=" "><subfield code="a">2019-02-26T19:00:03Z</subfield></datafield><datafield tag="CAT" ind1=" " ind2=" "><subfield code="a">SDR-MIU</subfield><subfield code="d">EX LIBRIS - ALEPH</subfield><subfield code="l">prepare.pl-004-008</subfield></datafield><datafield tag="FMT" ind1=" " ind2=" "><subfield code="a">BK</subfield></datafield><datafield tag="HOL" ind1=" " ind2=" "><subfield code="0">sdr-miu012767564</subfield><subfield code="a">MiU</subfield><subfield code="b">SDR</subfield><subfield code="c">MIU</subfield><subfield code="p">mdp.39015079133362</subfield><subfield code="s">MIU</subfield><subfield code="1">012767564</subfield></datafield><datafield tag="974" ind1=" " ind2=" "><subfield code="b">MIU</subfield><subfield code="c">MIU</subfield><subfield code="d">20190719</subfield><subfield code="s">lit-dlps-dc</subfield><subfield code="u">mdp.39015079133362</subfield><subfield code="y">1799</subfield><subfield code="r">pd</subfield><subfield code="q">bib</subfield><subfield code="t">non-US bib date1 &lt; 1879</subfield></datafield></record></collection>